@book{Proakis,
	author = "J. G. Proakis and D. G. Manolakis",
	title = "Digital Signal Processing: Principles, Algorithmes and Applications", 
	year = "2009",
	publisher = "Prentice Hall",
	edition = "Fourth Edition"
	}
	
@article{AmpSamp,
	author = "{P. Martínez-Nuevo, H. Lai, and A. V. Oppenheim}",
	title = "Amplitude sampling",
	year = "2016",
	journal = "Allerton Conference on Communication, Control and Computing"
}	

@book{Oppenheim,
	author = "A. V. Oppenheim and R. W. Schafer",
	title = "Discrete-Time Signal Processing",
	year = "2013",
	publisher = "Pearson New International Edition",
	edition = "Third Edition"	
}

@article{async1,
	author = "P. Beckmann and T. Stilson",
	title = "An Efficient Asynchronous Sampling-Rate Conversion Algorithm for Multi-Channel Audio Applications",
	year = "Oct. 2005",
	journal = "Audio Engineering Society, 119th Convention"
}	 

@article{async2,
	author = "J. O. Smith III",
	title = "The Digital Audio Resampliong Home Page",
	url = "https://ccrma.stanford.edu/~jos/resample/",
	year = "2018",
	journal = "Center for Computer Research in Music and Acoustics (CCRMA),   Stanford University"
	
}	 

@article{async3,
	author = "P. Martínez-Nuevo",
	title = "Nonuniform Sampling Rate Conversion: An Efficient Approach",
	year = "2018",
	journal = "In preparation for IEEE Transactions on Signal Processing"
}	

@article{fract1,
	author = "J.-S. Park, B.-K. Kim, J.-G. Chung and K. K. Parhi",
	title = "Design of a Sample-Rate Converter From CD to DAT Using Fractional Delay Allpass Filter",
	year = "January 2007",
	journal = "IEEE Transactions on Circuits and Systems-II: Express Briefs, Vol. 54, No. 1"
}	

@article{fract2,
	author = "M. Blok",
	title = "On Sample Rate Conversion Based on Variable Fractional Delay Filters",
	year = "2013",
	journal = "International Journal of Computer Science and Applications, Vol. 10, No. 1, pp. 98 - 116"
}	

@book{filtbanks1,
	author = "R. E. Crochiere and L. R. Rabiner",
	title = "Multirate Digital Signal Processing",
	year = "1983",
	publisher = "Prentice-Hall Englewood Cliffs, NJ", 
	volume = "10"
}	

@book{filtbanks2,
	author = "P. P. Vaidyanathan",
	title = "Multirate Systems and filter banks",
	year = "1993",
	publisher = "Pearson Education, India"
}	

@unpublished{comparison_filters,
	author = "P. Martínez-Nuevo",
	title = "Filter Design for a Rate-Conversion System",
	publisher = "Massachusetts Institute of Technology, Department of Electrical Engineering and Computer Science"}

@book{matlab,
author = "The Mathworks Co.",
title = "Matlab and Simulink",
publisher = "Natick,MA"}

@book{toole,
author  = "F. E. Toole",
title = "The Acoustics and Psychoacoustics of Loudspeakers and Rooms - The Stereo Past and the Multichannel Future",
year = "Sept. 2000",
publisher = "109th AES Conv., Los Angeles"}

@book{hartmann,
author = "W. M. Hartmann",
title = "Signals, Sound, and Sensation",
publisher = "Springer, N. Y"}

@article{lipshitz,
author = "{S. P. Lipshitz, M. Pocock and J. Vanderkooy }",
title = "On the Audibility of Midrange Phase Distortion in Audio Systems",
year = "Sept. 1982",
publisher = "Journal of the  Audio Engineering Society",
volume = "Vol. 10",
numver = "No. 9",
page = "pp 580-595"}

@book{oppenheim2,
author = "{J. S. Lim, A. V. Oppenheim}",
title = "Advanced topics in signal processing",
year = "1988",
publisher = "Prentice Hall"}

@book{vaidyanathan,
author = "P. P. Vaidyanathan",
title = "Multirate Systems and Filter Banks",
year = "1993",
publisher = "Prentice Hall"}

@article{russell,
author = "A. I. Russell",
title = "Efficient Rational Sampling Rate Alteration Using IIR Filters",
year = "Jan. 2000",
publisher = "IEEE Signal Processing Letters",
vol = "Vol. 7",
number = "No. 1",}

@mastersthesis{turek,
author = "D. I. Turek",
title = "Design of Efficient Digital Interpolation Filters for Integer Upsampling",
school = "Massachusetts Institute of Technology",
year = "Jun. 2004"}

@article{crochiere,
author = "{R. E. Crochiere and L. R. Rabiner}",
title = "Optimum FIR Digital Filter Implementations for Decimation, Interpolation, and Narrow-Band Filtering",
year = "Oct. 1975",
publisher = "IEEE Transactions on Acoustics, Speech, and Signal Processing",
vol = "Vol. ASSP-23",
number = "No. 5"}

@techreport{paristech,
author = "Jacques Prado",
title = "Conversion de Fréquence",
institution = "Télécom ParisTech",
year = "Sept. 2009"}

@article{ripple1,
author="{N. Amir, M. Milhim and L. Radai}",
title="Thresholds for Perception of Ripple in the Passband of a Low-Pass Filter",
year="2011",
publisher="Journal of Basic and Clinical Physiology and Pharmacology",
vol="Vol. 16",
issue="Issue 2-3"}

@article{ripple2,
author="{A. Ya. Supin, V.V. Popov, O. N. Milekhina, and M. B. Tarakanov}",
title="Ripple Depth and Density Resolution of Rippled Noise",
year="1999",
publisher="The Journal of the Acoustical Society of America",
vol="Vol. 106",
issue="Issue 5"
}

@article{ffa,
author="{J.-G. Chung and K. K. Parhi}",
title="Frequency Spectrum Based Low-Area Low-Power Parallel FIR Filter Design",
year="2002",
publisher="Journal on Applied Signal Processing",
vol="Vol. 9",
pages = "pp. 944-953"}